2a22e0ed7f28fa247991ce11c1117de2