0aa91b21f2cd5d45a0c59b82af542d9a