@Misc{treasury2010link-between-fiscal-policy-and-interest-rates,
  author      = {Yong Hong Yan and Shane Brittle},
  title       = {Reconsidering the link between fiscal policy and interest rates in Australia},
  year        = {2010},
  note        = {Treasury Working Paper 2010-04, September 2010},
  url         = {https://static.treasury.gov.au/uploads/sites/1/2017/06/Tsy_Working_Paper_2010_04.pdf},
}

@TechReport{Garnaut-Review-2011,
  author      = {Ross Garnaut},
  title       = {The Garnaut Review 2011: Australia in the Global Response to Climate Change},
  year        = {2011},
  institution = {Garnaut Review},
  url         = {http://www.garnautreview.org.au/update-2011/garnaut-review-2011/garnaut-review-2011.pdf},
}

@Book{Stern-Review-Climate-Change,
  author      = {Nicholas Stern},
  title       = {The economics of climate change : the Stern review},
  year        = {2007},
  address     = {Cambridge},
  publisher   = {Cambridge University Press},
}

@Article{Nordhaus-2007-Review-of-Stern,
  author      = {W.D. Nordhaus},
  title       = {A Review of the Stern Review on the Economics of Climate Change},
  journal     = {Journal of Economic Literature},
  year        = {2007},
  number      = {},
  pages       = {},
  issn        = {},
  volume      = {XLV},
}

@TechReport{Grimes-Beyond-Simple-CBA,
  author      = {Arthur Grimes},
  title       = {The Economics of Infrastructure Investment: Beyond Simple Cost Benefit Analysis},
  year        = {2010},
  institution = {Motu Economic and Public Policy Research},
  url         = {http://motu-www.motu.org.nz/wpapers/10_05.pdf},
}

@TechReport{Harrison-Valuing-the-Future,
  author      = {Mark Harrison},
  title       = {Valuing the Future: the social discount rate in cost-benefit analysis},
  year        = {2010},
  institution = {Visiting Researcher Paper, Productivity Commission},
  url         = {http://www.pc.gov.au/research/supporting/cost-benefit-discount},
}

@Misc{IA-Assessment-Framework-June-2017,
  author      = {{Infrastructure Australia}},
  title       = {Assessment Framework: Detailed Technical Guidance},
  year        = {2017},
  month       = {6},
  url         = {http://infrastructureaustralia.gov.au/policy-publications/publications/files/Assessment-Framework-June-2017.pdf},
}

@Misc{IA-Assessment-Framework-January-2016,
  author      = {{Infrastructure Australia}},
  title       = {Assessment Framework: Detailed Technical Guidance},
  year        = {2016},
  month       = {1},
}

@Book{Boardman-Cost-Benefit-Analysis-4th-Edition,
  author      = {Anthony E. Boardman and David H. Greenberg and Aidan R. Vining and David L. Weimer},
  title       = {Cost-Benefit Analysis Concepts and Practice},
  year        = {2010},
  address     = {New Jersey},
  publisher   = {Prentice Hall},
}

@TechReport{Parker-2009-NZTA-discount-rates,
  author      = {Chris Parker},
  title       = {The implications of discount rate reductions on transport investments and sustainable transport futures},
  year        = {2009},
  month       = {12},
  institution = {New Zealand Transport Agency, research report 392},
  url         = {http://www.nzta.govt.nz/assets/resources/research/reports/392/docs/392.pdf},
}

@Misc{Murray-Basin-Business-Case,
  author      = {{Victorian Department of Economic Development, Jobs, Transport and Resources}},
  title       = {The Murray Basin Rail Project - Final Business Case, August 2015},
  year        = {2015},
  month       = {8},
  url         = {https://s3-ap-southeast-2.amazonaws.com/ptvic/Murray-Basin-Rail-Project-Business-Case.pdf},
}

@Misc{Inland-Rail-Business-Case,
  author      = {{Australian Rail Track Corporation}},
  title       = {Inland Rail Programme Business Case},
  year        = {2015},
  url         = {https://inlandrail.artc.com.au/13223/documents/29739},
}

@Book{Harberger-Project-Evaluation-1972,
  author      = {Arnold C. Harberger},
  title       = {Project Evaluation},
  year        = {1972},
  publisher   = {MacMillan},
}

@Article{Creedy-2007-Policy-Evaluation-A-Reminder,
  author      = {John Creedy},
  title       = {Policy Evaluation, Welfare Weights and Value Judgements: A Reminder},
  journal     = {Australian Journal of Labour Economics},
  year        = {2007},
  number      = {1},
  pages       = {1-15},
  volume      = {10},
}

@Article{Angus-Taylor-Australia-needs-more-public-infrastructure,
  author      = {Jared Owens},
  title       = {Australia in desperate need of public infrastructure, says Taylor},
  year        = {2016},
  journal     = {The Australian},
  url         = {http://www.theaustralian.com.au/national-affairs/australia-in-desperate-need-of-public-infrastructure-says-taylor/news-story/39f2fb218d472ce7239a792ca901286d},
}

@Article{Colebatch-Victorian-Labor-Tries-to-Build-Without-Borrowing,
  author      = {Tim Colebatch},
  title       = {Victorian Labor Tries to Build Without Borrowing},
  year        = {2015},
  month       = {5},
  day         = {4},
  journal     = {Inside Story},
  url         = {http://insidestory.org.au/victorian-labor-tries-to-build-without-borrowing/},
}

@Article{Douglas-and-Brooker-Review-of-Transport-Project-Appraisal-in-NSW,
  author      = {Douglas, N.J. and Brooker, T.},
  title       = {A Review of Transport Project Appraisal in NSW Australia},
  year        = {2013},
  month       = {10},
  journal     = {Australasian Transport Research Forum 2013},
  url         = {http://atrf.info/papers/2013/2013_douglas_brooker.pdf},
}

@Article{Spackman-Government-Discounting-Controversies,
  author      = {Douglas, N.J. and Brooker, T.},
  title       = {Government discounting controversies: changing prices, opportunity costs and systematic risk},
  year        = {2011},
  month       = {11},
  journal     = {Grantham Research Institute on Climate Change and the Environment, Working Paper No. 67},
  url         = {http://www.lse.ac.uk/GranthamInstitute/wp-content/uploads/2014/02/WP67_government-discounting-controversies_1.pdf},
}

@Article{Summers-and-Zeckhauser-Policymaking-for-posterity,
  author      = {Lawrence Summers and Richard Zeckhauser},
  title       = {Policymaking for Posterity},
  year        = {2008},
  month       = {08},
  journal     = {Harvard Kennedy School Faculty Research Working Papers Series},
  url         = {https://www.google.com.au/search?q=summers+and+zeckhauser&rlz=1C1GGRV_en-GBAU752AU752&oq=summers+and+zeckhauser&aqs=chrome..69i57j0.4206j0j4&sourceid=chrome&ie=UTF-8},
}

@Article{Argyrous-ANZSOG-review-of-CBA-guidelines,
  author      = {George Argyrous},
  title       = {A review of government Cost-Benefit Analysis guidelines},
  year        = {2013},
  month       = {03},
  journal     = {Australia and New Zealand School of Government Occasional Paper},
  url         = {https://www.anzsog.edu.au/documents/5060-a-review-of-government-cost-benefit-analysis-guidelines/file},
}

@TechReport{New-South-Wales-Treasury-2017-CBA-Guidelines,
  author      = {{New South Wales Treasury}},
  title       = {NSW Government Guide to Cost-Benefit Analysis},
  year        = {2017},
  month       = {03},
  institution = {New South Wales Treasury},
  url         = {http://arp.nsw.gov.au/sites/default/files/TPP17-03_NSW_Government_Guide_to_Cost-Benefit_Analysis_0.pdf},
}

@Article{Sandmo-and-Dreze-1971-Discount-Rates,
  author      = {Agnar Sandmo and Jacques H Dreze},
  title       = {Discount rates for public investment in closed and open economies},
  year        = {1971},
  month       = {11},
  journal     = {Economica},
  number      = {152},
  pages       = {395-412},
  volume      = {38},
}

@Article{Moore-Boardman-Vining-2013a-More-appropriate-discounting,
  author      = {Mark A. Moore and Anthony E. Boardman and Aidan R. Vining},
  title       = {More appropriate discounting: the rate of social time preference and the value of the social discount rate},
  year        = {2013},
  journal     = {Journal of Benefit-Cost Analysis},
  number      = {1},
  pages       = {1-16},
  volume      = {4},
}

@Article{Moore-Boardman-Vining-2013b-The-choice-of-discount-rate,
  author      = {Mark A. Moore and Anthony E. Boardman and Aidan R. Vining},
  title       = {The choice of the social discount rate and the opportunity cost of public funds},
  year        = {2013},
  journal     = {Journal of Benefit-Cost Analysis},
  number      = {3},
  pages       = {401-409},
  volume      = {4},
}

@Article{Burgess-Zerbe-2013-The-most-appropriate-discount-rate,
  author      = {David F. Burgess and Richard O. Zerbe},
  title       = {The most appropriate discount rate},
  year        = {2013},
  journal     = {Journal of Benefit-Cost Analysis},
  number      = {3},
  pages       = {391-400},
  volume      = {4},
}

@Article{Arrow-et-al-1995-IPCC-note-on-discounting,
  author      = {Arrow, K.J. and Cline, W.R and Maler, K-G and Munasinghe, M and Squitieri, R. and Stiglitz, J.E.},
  title       = {Intertemporal Equity, Discounting, and Economic Efficiency},
  year        = {1996},
  journal     = {Climate Change 1995 - Economic and Social Dimensions of Climate Change},
}

@TechReport{Victorian-government-2013-economic-evaluation-guidelines,
  author      = {{Victorian Department of Treasury and Finance}},
  title       = {Economic Evaluation for Business Cases -- Technical guidelines},
  year        = {2013},
  month       = {08},
  institution = {Victorian Department of Treasury and Finance},
  url         = {http://www.dtf.vic.gov.au/files/41597c68-1da4-434e-a891-a1e000de53ff/Economic-Evaluation-Technical-Guide.doc},
}

@TechReport{Dept-Finance-2006-Handbook-of-CBA,
  author      = {{Department of Finance and Administration}},
  title       = {Handbook of Cost–Benefit Analysis: Financial Management Reference Material No. 6},
  year        = {2006},
  month       = {1},
  institution = {Australian Government, Canberra},
}

@Article{Brookings-Summers-Glaeser-2017-debate-infrastructure-spending,
  author      = {Anna Malinovskaya and David Wessel},
  title       = {Larry Summers v. Edward Glaeser: Two Harvard economists debate increased infrastructure investments},
  year        = {2017},
  journal     = {Brookings Up Front},
  month       = {1},
  day         = {18},
  url         = {https://www.brookings.edu/blog/up-front/2017/01/18/larry-summers-v-edward-glaeser-two-harvard-economists-debate-increased-infrastructure-investments},
}

@Article{IMF-press-release-2015-Australian-consultation,
  author      = {{International Monetary Fund}},
  title       = {Press Release no. 15/446: IMF Executive Board Concludes 2015 Article IV Consultation with Australia},
  journal     = {IMF Media Release},
  year        = {2015},
  month       = {9},
  day         = {30},
  url         = {http://www.imf.org/en/News/Articles/2015/09/14/01/49/pr15446},
}

@Article{David-Uren-2016-RBA-says-interest-rate-cuts-losing-power,
  author      = {David Uren},
  title       = {Interest rate cuts losing power, says RBA’s Philip Lowe},
  year        = {2016},
  journal     = {The Australian},
  month       = {9},
  day         = {23},
  url         = {http://www.theaustralian.com.au/business/economics/interest-rate-cuts-losing-power-says-rbas-philip-lowe/news-story/ac992eb2fad54660d0a0be628cad63e9},
}

@Article{David-Uren-2017-OECD-calls-Australia-to-boost-debt-spending,
  author      = {David Uren},
  title       = {Morrison rejects IMF, OECD calls to use boost debt spending},
  year        = {2017},
  journal     = {The Australian},
  month       = {1},
  day         = {17},
  url         = {http://www.theaustralian.com.au/business/opinion/david-uren-economics/morrison-rejects-imf-oecd-calls-to-use-boost-debt-spending/news-story/589fe9bc3e009c8daba622d58831c834},
}

@Article{Lind-1990-Reassessing-the-governments-discount-rate,
  author      = {Robert C. Lind},
  title       = {Reassessing the Government’s Discount Rate Policy in Light of New Theory and Data in a World Economy with a High Degree of Capital Mobility},
  year        = {1990},
  journal     = {Journal of Environmental Economics and Management},
  number      = {18},
  pages       = {S8-S28},
 }

@Book{Abelson-2003-public-economics,
  author      = {Peter Abelson},
  title       = {Public economics principles and practice},
  date        = {2003},
  publisher   = {Applied Economics},
  address     = {Sydney},
}

@Article{Harberger-and-Jenkins-2015-musings-on-the-discount-rate,
  author      = {Arnold C. Harberger and Glenn P. Jenkins},
  title       = {Musings on the Social Discount Rate},
  year        = {2015},
  journal     = {Journal of Benefit Cost Analysis},
  volume      = {6},
  number      = {1},
}

@Article{Terrill-Batrouney-oped-March2017-one-project-at-a-time,
  author      = {Marion Terrill and Hugh Batrouney},
  title       = {Getting infrastructure right, one project at a time},
  year        = {2017},
  journal     = {Australian Financial Review},
  month       = {3},
  day         = {12},
  url         = {http://www.afr.com/opinion/columnists/getting-infrastructure-right-one-project-at-a-time-20170312-guw80t},
}

@TechReport{South-Australia-Treasury-2014-Economic-Evaluation-Guidelines,
  author      = {{Government of South Australia}},
  title       = {Guidelines for the evaluation of public sector initiatives -- Part B: Investment Evaluation Process},
  year        = {2014},
  month       = {07},
  institution = {South Australia Department of Treasury and Finance},
  url         = {http://www.treasury.sa.gov.au/__data/assets/pdf_file/0009/2898/ti17-guidelines-part-b.pdf},
}

@Book{Stiglitz-Rosengard-Economics-of-the-Public-Sector-2015,
  author      = {Joseph E. Stiglitz and Jay K. Rosengard},
  title       = {Economics of the Public Sector},
  date        = {2015},
  publisher   = {W.W. Norton \& Company},
}

@Article{Creedy-2017-discount-rates-NZ-Treasury,
  author      = {John Creedy and Hermant Passi},
  title       = {Public Sector Discount Rates: A Comparison of Alternative Approaches (forthcoming)},
  year        = {2018},
  journal     = {Australian Economic Review},
  number      = {},
  volume      = {},
  pages       = {},
}

@Misc{Minutes-of-RBA-Board-meeting-5-December-2017,
  author      = {{Reserve Bank of Australia}},
  title       = {Minutes of Monetary Policy Meeting, 17 December 2017},
  year        = {2017},
  month       = {12},
  day         = {17},
  url         = {https://www.rba.gov.au/monetary-policy/rba-board-minutes/2017/2017-12-05.html},
}

@Article{Moore-etal-just-give-me-number-for-the-discount-rate,
  author      = {Moore, M.A. and Boardman, A.E. and Greenberg, D.H. and Vining, A.R. and Weimer, D.L.},
  title       = {“Just Give Me a Number!” Practical Values for the Social Discount Rate},
  year        = {2004},
  journal     = {Journal of Policy Analysis and Management},
  number      = {4},
  volume      = {23},
  pages       = {789-812},
}

@Article{Morrison-discount-rate-in-regulator-cba,
  author      = {Morrison, E.R.},
  title       = {Judicial review of discount rates used in regulatory cost benefit analysis},
  year        = {1998},
  journal     = {University of Chicago Law Review},
  number      = {4},
  volume      = {64},
  pages       = {1333-1362},
}

@Article{Spackman-2011-the-valuation-of-social-time-preference,
  author      = {Michael Spackman},
  title       = {Government discounting controversies: the valuation of social time preference},
  year        = {2011},
  journal     = {Grantham Research Institute on Climate Change and the Environment Working Papers},
  number      = {Working Paper No. 68},
}

@TechReport{NZ-Treasury-discount-rates-for-CBA,
  author      = {{New Zealand Treasury}},
  title       = {Public Sector Discount Rates for Cost Benefit Analysis},
  year        = {2008},
  month       = {07},
  institution = {New Zealand Treasury},
  url         = {http://www.treasury.govt.nz/publications/guidance/planning/costbenefitanalysis/discountrates/discount-rates-jul08.pdf},
}

@Article{Moore-Burgess-Vining-2010-the-SDR-for-Canada,
  author      = {Anthony E. Boardman and Mark A. Moore and Aidan R. Vining},
  title       = {The Social Discount Rate for Canada Based on Future Growth in Consumption},
  year        = {2010},
  journal     = {Canadian Public Policy - Analyse de politiques},
  number      = {3},
  pages       = {325-343},
  volume      = {36},
}

@Article{Nordhaus-1997-discounting-in-economics-and-climate-change,
  author      = {W.D. Nordhaus},
  title       = {Discounting in Economics and Climate Change: An Editorial Comment},
  journal     = {Climatic Change},
  year        = {1997},
  number      = {37},
  pages       = {315–328},
  issn        = {},
  volume      = {},
}

@Article{Cochrane-2011-discount-rates,
  author      = {John Cochrane},
  title       = {Discount Rates: American Finance Association Presidential Address},
  journal     = {Journal of Finance},
  year        = {2011},
  number      = {66},
  pages       = {1047–1108},
  issn        = {},
  volume      = {},
}

@Article{Jorda-etal-2017-rate-of-return-on-everything,
  author      = {Òscar Jordà and Katharina Knoll and Dmitry Kuvshinov and Moritz Schularick and Alan M. Taylor},
  title       = {The Rate of Return on Everything, 1870–2015},
  journal     = {NBER Working Paper Series},
  year        = {2017},
  number      = {Working Paper 24112},
  pages       = {},
  issn        = {},
  volume      = {},
  url         = {http://www.nber.org/papers/w24112},
}

@Article{Venables-2017-incorporating-WEBs-into-transport-cba,
  author      = {Anthony J. Venables},
  title       = {Incorporating Wider Economic Impacts within Cost-Benefit Appraisal},
  journal     = {OECD International Transport Forum},
  year        = {2017},
  number      = {Discussion Paper 2016-05},
  pages       = {},
  issn        = {},
  volume      = {},
  url         = {https://www.itf-oecd.org/sites/default/files/docs/incorporating-wider-economic-impacts-cba.pdf},
}

@TechReport{IPART-1999-Aspects-of-the-NSW-Rail-Access-Regime,
  author      = {IPART},
  title       = {Aspects of the NSW Rail Access Regime -- Final Report},
  year        = {1999},
  month       = {04},
  institution = {Independent Pricing and Regulatory Tribunal of New South Wales},
  url         = {https://www.ipart.nsw.gov.au/files/sharedassets/website/trimholdingbay/ipart_final_report_-_aspects_of_the_nsw_rail_access_regime_-_29_april_1999_pdf_version.pdf},
}

@Article{Wroe-2016-The-Age-submarine-fleet-to-cost-150-billion,
  author      = {David Wroe},
  title       = {Defence white paper: new submarine fleet to cost taxpayers \$150 billion},
  journal     = {Sydney Morning Herald},
  year        = {2016},
  month       = {2},
  day         = {25},
  url         = {http://www.smh.com.au/federal-politics/political-news/defence-white-paper-new-submarine-fleet-to-cost-taxpayers-150-billion-20160224-gn32kg.html},
}

@TechReport{Sth-Aust-2014-guidelines-for-economic-evaluation,
  author      = {{South Australian Department of Treasury and Finance}},
  title       = {Guidelines for the evaluation of public sector initiatives -- Part B: Investment Evaluation Process},
  year        = {2014},
  month       = {07},
  institution = {Government of South Australia},
  url         = {http://www.treasury.sa.gov.au/__data/assets/pdf_file/0009/2898/ti17-guidelines-part-b.pdf},
}

@TechReport{Victorian-government-2016-Partnerships-Victoria-financial-guidance,
  author      = {{Victorian Department of Treasury and Finance}},
  title       = {Financial analysis inputs for Partnerships Victoria projects},
  year        = {2016},
  month       = {11},
  institution = {Victorian Department of Treasury and Finance},
  url         = {http://www.dtf.vic.gov.au/Publications/Infrastructure-Delivery-publications/Partnerships-Victoria/Financial-analysis-inputs-for-Partnerships-Victoria-projects},
}

@TechReport{Victorian-government-2013-PPP-guidelines,
  author      = {{Victorian Department of Treasury and Finance}},
  title       = {Partnerships Victoria Requirements},
  year        = {2013},
  month       = {05},
  institution = {Victorian Department of Treasury and Finance},
  url         = {http://www.dtf.vic.gov.au/files/fc186677-0954-4a7b-ae33-a1dc0119b3aa/Partnerships-Victoria-Requirements-May-2013.pdf},
}

@TechReport{Partnerships-Victoria-2003-discount-rate-guidelines,
  author      = {{Victorian Department of Treasury and Finance}},
  title       = {Partnerships Victoria: Use of discount rates in the Partnership Victoria process},
  year        = {2003},
  month       = {7},
  institution = {Victorian Department of Treasury and Finance},
  url         = { http://www.dtf.vic.gov.au/files/f5c7fa0e-0f4b-4744-bfe4-a1cc00aaa2a5/Use-of-Discount-Rates-in-the-Partnerships-Victoria-Process.pdf},
}

@TechReport{Commonwealth-government-2008-PPP-guidelines,
  author      = {{Department of Infrastructure and Regional Development}},
  title       = {National Public Private Partnership Guidelines -- Volume 5: Discount rate methodology guidance},
  year        = {2013},
  month       = {8},
  institution = {Australia Department of Infrastructure and Regional Development},
  url         = {https://infrastructure.gov.au/infrastructure/ngpd/files/Volume-5-Discount-Rate-Guidance-Aug-2013-FA.pdf},
}

@TechReport{ATAP-CBA-Guidelines-2016,
  author      = {{Australian Transport and Infrastructure Senior Officials' Committee}},
  title       = {Australian Transport Assessment and Planning Guidelines: T2 Cost-Benefit Analysis},
  year        = {2016},
  month       = {8},
  institution = {Australian Transport and Infrastructure Senior Officials' Committee},
  url         = {https://atap.gov.au/tools-techniques/cost-benefit-analysis/files/t2_cost_benefit_analysis.pdf},
}

@TechReport{Qld-CBA-Guidelines-2016,
  author      = {{Building Queensland}},
  title       = {Building Queensland Business Case Development Framework: Cost-Benefit Analysis Guide},
  year        = {2016},
  month       = {4},
  institution = {Queensland Government},
  url         = {http://buildingqueensland.qld.gov.au/wp-content/uploads/2016/05/45399-Cost-Benefit-Analysis-report-7.pdf},
}

@TechReport{OBPR-CBA-Guidance-Note-Feb-2016,
  author      = {{Office of Best Practice Regulation}},
  title       = {Cost-Benefit Analysis -- Guidance Note},
  year        = {2016},
  month       = {2},
  institution = {Australian Government, Department of Prime Minister and Cabinet},
  url         = {https://www.pmc.gov.au/resource-centre/regulation/cost-benefit-analysis-guidance-note},
}

@Misc{RBA-2018-CPI-table,
  author      = {{Reserve Bank of Australia}},
  title       = {Statistical Tables -- Consumer Price Inflation -- G1},
  year        = {2018},
  url         = {http://www.rba.gov.au/statistics/tables/?v=2018-02-06-13-57-26&v-nocache=2018-02-06-13-58-28#inflation-expectations},
}

@Misc{RBA-2018-Government-bonds-monthly,
  author      = {{Reserve Bank of Australia}},
  title       = {Statistical Tables -- Capital Market Yields – Government Bonds – Monthly – F2.1},
  year        = {2018},
  url         = {http://www.rba.gov.au/statistics/tables/?v=2018-02-06-13-57-26#interest-rates},
}

@Misc{RBA-2013-Government-bonds-monthly-historical,
  author      = {{Reserve Bank of Australia}},
  title       = {Historical Data -- Capital Market Yields -- Government Bonds -- Monthly -- 1969 to May 2013 -- F2},
  year        = {2013},
  url         = {http://www.rba.gov.au/statistics/historical-data.html#interest-rates},
}

@Book{Gollier-Pricing-the-planets-future,
  author      = {Christian Gollier},
  title       = {Pricing the Planet's Future: The Economics of Discounting in an Uncertain World},
  year        = {2013},
  publisher   = {Princeton University Press},
}

@Article{Spackman-2004-time-discounting-fiscal-studies,
  author      = {Michael Spackman},
  title       = {Time Discounting and of the Cost of Capital in Government},
  year        = {2004},
  journal     = {Fiscal Studies},
  volume      = {25},
  number      = {4},
}

@TechReport{Tulip-2014-RBA-Bulletin-The-effect-of-the-mining-boom,
  author      = {Peter Tulip},
  title       = {The Effect of the Mining Boom on the Australian Economy},
  year        = {2014},
  month       = {12},
  institution = {Reserve Bank of Australia Bulletin},
  url         = {https://www.rba.gov.au/publications/bulletin/2014/dec/pdf/bu-1214-3.pdf},
}

@Misc{Economic-Research-Council-chart-of-fwd-interest-rates,
  author      = {Economic Research Council, United Kingdom},
  title       = {Chart of the Week: Week 31, 2016: UK interest rates},
  year        = {2016},
  url         = {http://ercouncil.org/2016/chart-of-the-week-week-31-2016-uk-interest-rates/},
}

@TechReport{CEA-July-2015-Long-term-interest-rates-a-survey,
  author      = {{Council of Economic Advisers, USA}},
  title       = {Long-term interest rates: a survey},
  year        = {2015},
  month       = {7},
  institution = {Council of Economic Advisers, Executive Office of the President},
  url         = {https://obamawhitehouse.archives.gov/sites/default/files/docs/interest_rate_report_final.pdf},
}

@TechReport{IPART-2017-MRP-estimates,
  author      = {IPART},
  title       = {MRP estimates at end of April 2017},
  year        = {2017},
  month       = {5},
  institution = {Independent Pricing and Regulatory Tribunal of New South Wales},
  url         = {https://www.ipart.nsw.gov.au/files/sharedassets/website/shared-files/investigation-tribunal-water-bulk-water-review-of-prices-for-waternsws-rural-bulk-water-services-from-1-july-2017-formerly-state-water-corporation/fact-sheet-mrp-estimates-at-end-of-april-2017-25-may-2017.pdf},
}

@TechReport{Allen-Consulting-2004-NZ-report,
  author      = {{Allen Consulting Group}},
  title       = {Benefits of Investing in New Zealand's Road Infrastructure},
  year        = {2004},
  month       = {8},
  institution = {Report for the New Zealand Automobile Association},
  url         = {http://www.gw.govt.nz/assets/council-publications/Regional\%20Transport_20040826_153526.pdf},
}

@TechReport{Frontier-Consulting-2016-equity-beta,
  author      = {{Frontier Economics}},
  title       = {Equity Beta},
  year        = {2016},
  month       = {11},
  institution = {Report prepared for Aurizon Network},
  url         = {http://www.qca.org.au/getattachment/57c4671b-289a-4d73-bae8-6c2c26939c63/Equity-beta-Frontier-Economics.aspx},
}

@TechReport{IPART-2015-WACC-information-paper,
  author      = {IPART},
  title       = {Weighted Average Cost of Capital (WACC) -- Draft information paper 14},
  year        = {2015},
  month       = {12},
  institution = {Independent Pricing and Regulatory Tribunal of New South Wales},
  url         = {https://www.ipart.nsw.gov.au/Home/Industries/Transport/Reviews/Public-Transport-Fares/Public-Transport-Fares-in-Sydney-and-Surrounds/21-Dec-2015-Draft-Information-Papers/Public-Transport-Fares-Information-Papers},
}

@Book{Damodaran-Valuation,
  author      = {Aswath Damodaran},
  title       = {Damodaran on Valuation: Security analysis for investment and corporate finance},
  year        = {2006},
  publisher   = {Wiley},
}

@Article{Perold-CAPM,
  author      = {André Perold},
  title       = {The Capital Asset Pricing Model},
  year        = {2004},
  journal     = {Journal of Economic Perspectives},
  volume      = {18},
  number      = {3},
}

@Misc{Cochrane-Stock-gyrations,
  author      = {John Cochrane},
  title       = {Stock Gyrations},
  year        = {2018},
  month       = {2},
  day         = {7},
  url         = {https://johnhcochrane.blogspot.com.au/2018/02/stock-gyrations.html},
}

@TechReport{Terrill-Emslie-2017-What-price-value-capture,
  author      = {Marion Terrill and Owain Emslie},
  title       = {What price value capture?},
  year        = {2017},
  institution = {Grattan Institute},
  number      = {Report No. 2017-05},
  url         = {https://grattan.edu.au/report/what-price-value-capture/},
}

@Article{Baumol-Social-Rate-of-Discount,
  author      = {William Baumol},
  title       = {On the social rate of discount},
  journal     = {The American Economic Review},
  volume      = {58},
  number      = {4},
  year        = {1968},
  pages       = {788--802},
}

@Article{Quiggin-Grant-Equity-Risk-Premium,
  author      = {John Quiggin and Simon Grant},
  title       = {Public investment and the risk premium for equity},
  journal     = {Economica},
  volume      = {70},
  year        = {2003},
  pages       = {1--18},
}

@Misc{QCA-risk-free-rate-and-MRP,
  author      = {{Queensland Competition Authority}},
  title       = {The risk free rate and the market risk premium},
  date        = {2012-11-01},
  url         = {http://www.qca.org.au/getattachment/5b1c322c-bf2d-4eca-bbab-6906d47fb743/The-Risk-free-Rate-and-the-Market-Risk-Premium.aspx},
}

@Misc{AER-Rate-of-return,
  title       = {Review of the rate of return guidelines},
  author      = {{Australian Energy Regulator}},
  date        = {2017-12-17},
  note        = {AER ref: 58744},
  url         = {https://www.aer.gov.au/networks-pipelines/guidelines-schemes-models-reviews/review-of-rate-of-return-guideline},
}

@TechReport{Russell-Research-infrastructure,
  author      = {Adam Babson},
  title       = {Structuring a listed infrastructure portfolio},
  year        = {2011},
  institution = {Russell Investment},
  url         = {https://russellinvestments.com/-/media/files/au/insights/2011_june_r_rpt_res_structinfra.pdf},
}

@Misc{Colonial-First-State-infrastructure,
  author      = {{Colonial First State}},
  title       = {Global listed infrastructure -- five myths},
  date        = {2016},
  month       = {2},
  url         = {http://www.cfsgam.com.au/uploadedFiles/Content/Insights/Articles/20160215_GLIS_Myths_CFSGAM.pdf},
}

@Misc{Sequoia-equity-betas,
  author      = {{Sequoia Research}},
  title       = {Equity betas for listed infrastructure funds},
  date        = {2015-12-14},
  url         = {http://seqimco.com/research.php?action=viewArticle&articleId=10},
}

@TechReport{NZ-Treasury-2016-current-discount-rates,
  author      = {{New Zealand Treasury}},
  title       = {Current Discount Rates, 2016},
  year        = {2016},
  month       = {10},
  institution = {New Zealand Treasury},
  url         = {http://www.treasury.govt.nz/publications/guidance/planning/costbenefitanalysis/currentdiscountrates},
}

@TechReport{Western-Australia-PPP-guidelines-PSC-policy-2013,
  author      = {{Western Australia Department of Treasury}},
  title       = {Public Sector Comparator Policy: Additional Policy Guidance},
  year        = {2013},
  institution = {Government of Western Australia},
  url         = {https://www.treasury.wa.gov.au/uploadedFiles/_Treasury/Infrastructure_Strategy/ppps_public_sector_comparators.pdf?n=9348},
}

